@article{aharonov2005,
    title = {Fibonacci, Chebyshev, and Orthogal Polynomials},
    author = {Dov Aharonov and Alan Beardon and Kathy Driver},
    journal = {The American Mathematical Monthly},
    volume = {112},
    number = {7},
    pages = {612--630},
    year = {2005},
    doi = {10.2307/39937546}
}
